@inproceedings{rahman2019svin2,
  title={Svin2: An underwater slam system using sonar, visual, inertial, and depth sensor},
  author={Rahman, Sharmin and Li, Alberto Quattrini and Rekleitis, Ioannis},
  booktitle={2019 IEEE/RSJ International Conference on Intelligent Robots and Systems (IROS)},
  pages={1861--1868},
  year={2019},
  organization={IEEE}
}

@article{kaess2010towards,
  title={Towards autonomous ship hull inspection using the Bluefin HAUV},
  author={Kaess, Michael and Johannsson, Hordur and Englot, Brendan J and Hover, Franz S and Leonard, John Joseph},
  year={2010},
  publisher={Sponsored by the Program Executive Officer for Littoral and Mine Warfare~â€¦}
}

@inproceedings{fallon2011efficient,
  title={Efficient AUV navigation fusing acoustic ranging and side-scan sonar},
  author={Fallon, Maurice F and Kaess, Michael and Johannsson, Hordur and Leonard, John J},
  booktitle={2011 IEEE International Conference on Robotics and Automation},
  pages={2398--2405},
  year={2011},
  organization={IEEE}
}

@article{cervenka2002sidescan,
  title={Sidescan sonar image processing techniques},
  author={Cervenka, Pierre and De Moustier, Christian},
  journal={IEEE journal of oceanic engineering},
  volume={18},
  number={2},
  pages={108--122},
  year={2002},
  publisher={IEEE}
}

@inproceedings{mascarenhas1997overview,
  title={An overview of speckle noise filtering in SAR images},
  author={Mascarenhas, Nelson DA},
  booktitle={Image Processing Techniques, First Latino-American Seminar on Radar Remote Sensing},
  volume={407},
  pages={71},
  year={1997}
}

@article{lopes2002adaptive,
  title={Adaptive speckle filters and scene heterogeneity},
  author={Lopes, Armand and Touzi, Ridha and Nezry, Edmond},
  journal={IEEE transactions on Geoscience and Remote Sensing},
  volume={28},
  number={6},
  pages={992--1000},
  year={2002},
  publisher={IEEE}
}

@article{chang2000adaptive,
  title={Adaptive wavelet thresholding for image denoising and compression},
  author={Chang, S Grace and Yu, Bin and Vetterli, Martin},
  journal={IEEE transactions on image processing},
  volume={9},
  number={9},
  pages={1532--1546},
  year={2000},
  publisher={IEEE}
}

@inproceedings{buades2005non,
  title={A non-local algorithm for image denoising},
  author={Buades, Antoni and Coll, Bartomeu and Morel, J-M},
  booktitle={2005 IEEE computer society conference on computer vision and pattern recognition (CVPR'05)},
  volume={2},
  pages={60--65},
  year={2005},
  organization={Ieee}
}

@article{dabov2007image,
  title={Image denoising by sparse 3-D transform-domain collaborative filtering},
  author={Dabov, Kostadin and Foi, Alessandro and Katkovnik, Vladimir and Egiazarian, Karen},
  journal={IEEE Transactions on image processing},
  volume={16},
  number={8},
  pages={2080--2095},
  year={2007},
  publisher={IEEE}
}

@article{ji2025sonar,
  title={Sonar image denoising based on Noise2Void self-supervised learning},
  author={Ji, Yongqiang and Xie, Lan and Xu, Gaozheng and Zhu, Zheng and Gu, Yu and Fei, Jie and Li, Yuwei and Chen, Yao and Cai, Kuijie},
  journal={Remote Sensing Letters},
  volume={16},
  number={5},
  pages={560--571},
  year={2025},
  publisher={Taylor \& Francis}
}

@article{si2024wtcrnet,
  title={WTCRNet: a wavelet transform and contrastive regularization network for sonar denoising by self-supervision},
  author={Si, Chengling and Zhang, Shu and Cai, Qing and Zhang, Tiange and Zhang, Mengfan and Han, Xu and Dong, Junyu},
  journal={Intelligent Marine Technology and Systems},
  volume={2},
  number={1},
  pages={17},
  year={2024},
  publisher={Springer}
}

@article{zhang2023practical,
  title={Practical blind image denoising via Swin-Conv-UNet and data synthesis},
  author={Zhang, Kai and Li, Yawei and Liang, Jingyun and Cao, Jiezhang and Zhang, Yulun and Tang, Hao and Fan, Deng-Ping and Timofte, Radu and Gool, Luc Van},
  journal={Machine Intelligence Research},
  volume={20},
  number={6},
  pages={822--836},
  year={2023},
  publisher={Springer}
}

@article{vishwakarma2023denoising,
  title={Denoising and inpainting of sonar images using convolutional sparse representation},
  author={Vishwakarma, Amit},
  journal={IEEE Transactions on Instrumentation and Measurement},
  volume={72},
  pages={1--9},
  year={2023},
  publisher={IEEE}
}

@inproceedings{hong2020end,
  title={End-to-end unpaired image denoising with conditional adversarial networks},
  author={Hong, Zhiwei and Fan, Xiaocheng and Jiang, Tao and Feng, Jianxing},
  booktitle={Proceedings of the AAAI conference on artificial intelligence},
  volume={34},
  number={04},
  pages={4140--4149},
  year={2020}
}

@article{liu2017unsupervised,
  title={Unsupervised image-to-image translation networks},
  author={Liu, Ming-Yu and Breuel, Thomas and Kautz, Jan},
  journal={Advances in neural information processing systems},
  volume={30},
  year={2017}
}

@inproceedings{park2020contrastive,
  title={Contrastive learning for unpaired image-to-image translation},
  author={Park, Taesung and Efros, Alexei A and Zhang, Richard and Zhu, Jun-Yan},
  booktitle={European conference on computer vision},
  pages={319--345},
  year={2020},
  organization={Springer}
}

@article{ma2021structure,
  title={Structure and illumination constrained GAN for medical image enhancement},
  author={Ma, Yuhui and Liu, Jiang and Liu, Yonghuai and Fu, Huazhu and Hu, Yan and Cheng, Jun and Qi, Hong and Wu, Yufei and Zhang, Jiong and Zhao, Yitian},
  journal={IEEE Transactions on Medical Imaging},
  volume={40},
  number={12},
  pages={3955--3967},
  year={2021},
  publisher={IEEE}
}

@article{huang2020noise,
  title={Noise-powered disentangled representation for unsupervised speckle reduction of optical coherence tomography images},
  author={Huang, Yongqiang and Xia, Wenjun and Lu, Zexin and Liu, Yan and Chen, Hu and Zhou, Jiliu and Fang, Leyuan and Zhang, Yi},
  journal={IEEE Transactions on Medical Imaging},
  volume={40},
  number={10},
  pages={2600--2614},
  year={2020},
  publisher={IEEE}
}

@article{zhao2023unpaired,
  title={Unpaired sonar image denoising with simultaneous contrastive learning},
  author={Zhao, Boyu and Zhou, Qian and Huang, Lijun and Zhang, Qiang},
  journal={Computer Vision and Image Understanding},
  volume={235},
  pages={103783},
  year={2023},
  publisher={Elsevier}
}

@inproceedings{lin2023conditional,
  title={Conditional GANs for Sonar Image Filtering with Applications to Underwater Occupancy Mapping},
  author={Lin, Tianxiang and Hinduja, Akshay and Qadri, Mohamad and Kaess, Michael},
  booktitle={2023 IEEE International Conference on Robotics and Automation (ICRA)},
  pages={1048--1054},
  year={2023},
  organization={IEEE}
}

@inproceedings{zhou2023stgan,
  title={STGAN: Sonar Image Despeckling Method Utilizing GAN and Transformer},
  author={Zhou, Xin and Tian, Kun and Zhou, Zihan},
  booktitle={International Symposium on Artificial Intelligence and Robotics},
  pages={56--67},
  year={2023},
  organization={Springer}
}

@article{ho2020denoising,
  title={Denoising diffusion probabilistic models},
  author={Ho, Jonathan and Jain, Ajay and Abbeel, Pieter},
  journal={Advances in neural information processing systems},
  volume={33},
  pages={6840--6851},
  year={2020}
}

@article{bryan2025diffusion,
  title={A diffusion-based super resolution model for enhancing sonar images},
  author={Bryan, Oscar and Berthomier, Thibaud and D'Ales, Benoit and Furfaro, Thomas and Haines, Tom SF and Pailhas, Yan and Hunter, Alan},
  journal={The Journal of the Acoustical Society of America},
  volume={157},
  number={1},
  pages={509--518},
  year={2025},
  publisher={AIP Publishing}
}

@article{yang2023side,
  title={A side-scan sonar image synthesis method based on a diffusion model},
  author={Yang, Zhiwei and Zhao, Jianhu and Zhang, Hongmei and Yu, Yongcan and Huang, Chao},
  journal={Journal of Marine Science and Engineering},
  volume={11},
  number={6},
  pages={1103},
  year={2023},
  publisher={MDPI}
}

@inproceedings{zhu2017unpaired,
  title={Unpaired image-to-image translation using cycle-consistent adversarial networks},
  author={Zhu, Jun-Yan and Park, Taesung and Isola, Phillip and Efros, Alexei A},
  booktitle={Proceedings of the IEEE international conference on computer vision},
  pages={2223--2232},
  year={2017}
}

@inproceedings{isola2017image,
  title={Image-to-image translation with conditional adversarial networks},
  author={Isola, Phillip and Zhu, Jun-Yan and Zhou, Tinghui and Efros, Alexei A},
  booktitle={Proceedings of the IEEE conference on computer vision and pattern recognition},
  pages={1125--1134},
  year={2017}
}

@article{kullback1951information,
  title={On information and sufficiency},
  author={Kullback, Solomon and Leibler, Richard A},
  journal={The annals of mathematical statistics},
  volume={22},
  number={1},
  pages={79--86},
  year={1951},
  publisher={JSTOR}
}
